@inproceedings{rdd,
	title = {Resilient distributed datasets: A fault-tolerant abstraction for in-memory cluster computing},
	shorttitle = {Resilient distributed datasets},
	url = {https://www.usenix.org/system/files/conference/nsdi12/nsdi12-final138.pdf},
	urldate = {2013-05-10},
	booktitle = {Proceedings of the 9th {USENIX} conference on Networked Systems Design and Implementation},
	author = {Zaharia, Matei and Chowdhury, Mosharaf and Das, Tathagata and Dave, Ankur and Ma, Justin and {McCauley}, Murphy and Franklin, Michael and Shenker, Scott and Stoica, Ion},
	year = {2012},
	pages = {2â€“2},
	file = {nsdi12-final138.pdf:/home/user7/.mozilla/firefox/7mews0v6.default/zotero/storage/4PTAK4BB/nsdi12-final138.pdf:application/pdf}
}

@inproceedings{delay,
  title={Delay scheduling: a simple technique for achieving locality and fairness in cluster scheduling},
  author={Zaharia, Matei and Borthakur, Dhruba and Sen Sarma, Joydeep and Elmeleegy, Khaled and Shenker, Scott and Stoica, Ion},
  booktitle={Proceedings of the 5th European conference on Computer systems},
  pages={265--278},
  year={2010},
  organization={ACM}
}


